<?xml version="1.0" encoding="UTF-8"?><record xmlns="http://www.loc.gov/MARC21/slim" xmlns:cinclude="http://apache.org/cocoon/include/1.0" xmlns:zs="http://www.loc.gov/zing/srw/">
  <leader>01578cz  a2200313n  4500</leader>
  <controlfield tag="001">no 89015168 </controlfield>
  <controlfield tag="003">DLC</controlfield>
  <controlfield tag="005">20140430073807.0</controlfield>
  <controlfield tag="008">891011n| azannaabn          |a aaa     c</controlfield>
  <datafield tag="010" ind1=" " ind2=" ">
    <subfield code="a">no 89015168 </subfield>
  </datafield>
  <datafield tag="035" ind1=" " ind2=" ">
    <subfield code="a">(OCoLC)oca02616773</subfield>
  </datafield>
  <datafield tag="040" ind1=" " ind2=" ">
    <subfield code="a">InU-Mu</subfield>
    <subfield code="b">eng</subfield>
    <subfield code="e">rda</subfield>
    <subfield code="c">InU-Mu</subfield>
    <subfield code="d">MoSW-Mu</subfield>
    <subfield code="d">CtY-Mus</subfield>
  </datafield>
  <datafield tag="046" ind1=" " ind2=" ">
    <subfield code="f">18501218</subfield>
    <subfield code="g">19370424</subfield>
  </datafield>
  <datafield tag="100" ind1="1" ind2=" ">
    <subfield code="a">Herrmann, Eduard,</subfield>
    <subfield code="d">1850-1937</subfield>
  </datafield>
  <datafield tag="370" ind1=" " ind2=" ">
    <subfield code="a">Oberrotweil (Germany)</subfield>
    <subfield code="b">Miami (Fla.)</subfield>
  </datafield>
  <datafield tag="370" ind1=" " ind2=" ">
    <subfield code="e">United States</subfield>
    <subfield code="2">naf</subfield>
    <subfield code="s">1881</subfield>
    <subfield code="t">1937</subfield>
  </datafield>
  <datafield tag="374" ind1=" " ind2=" ">
    <subfield code="a">Conductors (Music)</subfield>
    <subfield code="a">Composers</subfield>
    <subfield code="a">Violinists</subfield>
    <subfield code="a">Arrangers (Musicians)</subfield>
    <subfield code="2">lcsh</subfield>
  </datafield>
  <datafield tag="375" ind1=" " ind2=" ">
    <subfield code="a">male</subfield>
  </datafield>
  <datafield tag="400" ind1="1" ind2=" ">
    <subfield code="a">Herrmann, Edouard,</subfield>
    <subfield code="d">1850-1937</subfield>
  </datafield>
  <datafield tag="400" ind1="1" ind2=" ">
    <subfield code="a">Hermann, Eduard,</subfield>
    <subfield code="d">1850-1937</subfield>
  </datafield>
  <datafield tag="400" ind1="1" ind2=" ">
    <subfield code="a">Hermann, Edouard,</subfield>
    <subfield code="d">1850-1937</subfield>
  </datafield>
  <datafield tag="400" ind1="1" ind2=" ">
    <subfield code="a">Herrmann, E.</subfield>
    <subfield code="q">(Eduard),</subfield>
    <subfield code="d">1850-1937</subfield>
  </datafield>
  <datafield tag="400" ind1="1" ind2=" ">
    <subfield code="a">Herrmann, Ed.</subfield>
    <subfield code="q">(Eduard),</subfield>
    <subfield code="d">1850-1937</subfield>
  </datafield>
  <datafield tag="670" ind1=" " ind2=" ">
    <subfield code="a">Mozart, W.A. Concerto no. IV in D major, c1935:</subfield>
    <subfield code="b">t.p. (Eduard Herrmann)</subfield>
  </datafield>
  <datafield tag="670" ind1=" " ind2=" ">
    <subfield code="a">Baker, 7th ed.</subfield>
    <subfield code="b">(Herrmann, Eduard; b. 12-18-1850, Oberrotweil, Germany, d. 4-24-37, Miami, Fla.; conductor and composer; came to US in 1881)</subfield>
  </datafield>
  <datafield tag="670" ind1=" " ind2=" ">
    <subfield code="a">Herrmann, E. Se휍혖re휍혖nade pour 3 violons et viola (ou violoncelle), op. 14, ca. 1885:</subfield>
    <subfield code="b">t.p. (Edouard Herrmann) caption (Eduard Herrmann)</subfield>
  </datafield>
  <datafield tag="670" ind1=" " ind2=" ">
    <subfield code="a">Edition Silvertrust WWW site, April 29, 2014</subfield>
    <subfield code="b">(Eduard Herrmann; born 1850, Oberrottweil, died 1937; violinist, composer, arranger; emigrated to New York in the 1880s)</subfield>
  </datafield>
  <datafield tag="670" ind1=" " ind2=" ">
    <subfield code="a">OCLC, April 29, 2014</subfield>
    <subfield code="b">(usage: Eduard Herrmann, Eduard Hermann, Edouard Hermann, E. Herrmann)</subfield>
  </datafield>
  <datafield tag="670" ind1=" " ind2=" ">
    <subfield code="a">IMSLP, April 24, 2-14</subfield>
    <subfield code="b">(usage: Eduard Herrmann, E. Herrmann, Ed. Herrmann)</subfield>
  </datafield>
</record>